@misc{webaim2025million,
  title  = {WebAIM: The WebAIM Million},
  author = {{WebAIM}},
  year   = {2025},
  url    = {https://webaim.org/projects/million/}
}

@inproceedings{cantoni2014eyetracking,
  title     = {Eye tracking as a computer input and interaction method},
  author    = {Cantoni, Virginio and Porta, Marco},
  booktitle = {Proceedings of the 15th International Conference on Computer Systems and Technologies},
  pages     = {1--12},
  year      = {2014}
}

@inproceedings{hammoudi2016recordreplay,
  title        = {Why do record/replay tests of web applications break?},
  author       = {Hammoudi, Mouna and Rothermel, Gregg and Tonella, Paolo},
  booktitle    = {2016 IEEE International Conference on Software Testing, Verification and Validation (ICST)},
  pages        = {180--190},
  year         = {2016},
  organization = {IEEE}
}

@techreport{webaim2024report,
  author      = {WebAIM},
  title       = {The WebAIM Million: The 2024 report on the accessibility of the top 1,000,000 home pages},
  institution = {WebAIM},
  year        = {2024},
  url         = {https://techreport:webaim-2024.org/projects/million/}
}

@manual{tobiiabndpronano,
  title        = {Tobii Pro Nano: Enter the world of eye tracking research},
  author       = {Tobii-AB},
  organization = {Tobii AB},
  address      = {Stockholm, Sweden},
  year         = {n.d.},
  url          = {https://tobiipro.com}
}

@book{kochmar2022nlp,
  title     = {Getting Started with Natural Language Processing},
  author    = {Ekaterina Kochmar},
  publisher = {Manning},
  isbn      = {1617296767,9781617296765},
  chapter   = {1},
  year      = {2022}
}

@misc{apple2024spatialweb,
  author = {Apple},
  title  = {WWDC24: Optimize for the spatial web},
  year   = {2024},
  url    = {https://www.youtube.com/watch?v=5tjPBF2qoY4}
}

@misc{tobiiab2023accuracy,
  author       = {Tobii-AB},
  organization = {Tobii AB},
  year         = {2023},
  title        = {Eye Tracker Accuracy and Precision},
  url          = {https://connect.tobii.com/s/article/eye-tracker-accuracy-and-precision}
}

@misc{cucumber2023gherkin,
  author       = {Cucumber-Docs},
  organization = {Cucumber},
  year         = {2023},
  title        = {Gherkin Reference Documentation},
  url          = {https://cucumber.io/docs/gherkin/}
}

@article{zelinskyi2024eyetracking,
  title   = {Integrating session recording and eye-tracking: development and evaluation of a Chrome extension for user behavior analysis},
  author  = {Zelinskyi, Serhii and Boyko, Yuriy},
  journal = {Radioelectronic and Computer Systems},
  volume  = {2024},
  number  = {3},
  pages   = {38--54},
  year    = {2024}
}

@article{brooke1996sus,
  title     = {SUS-A quick and dirty usability scale},
  author    = {Brooke, John},
  journal   = {Usability evaluation in industry},
  volume    = {189},
  number    = {194},
  pages     = {4--7},
  year      = {1996},
  publisher = {London, England}
}

@article{dondi2023gazehci,
  title     = {Gaze-based human--computer interaction for museums and exhibitions: technologies, Applications and Future Perspectives},
  author    = {Dondi, Piercarlo and Porta, Marco},
  journal   = {Electronics},
  volume    = {12},
  number    = {14},
  pages     = {3064},
  year      = {2023},
  publisher = {MDPI}
}

@article{saizmanzanares2024cognitiveload,
  title     = {Using eye tracking technology to analyse cognitive load in multichannel activities in university students},
  author    = {S{\'a}iz-Manzanares, Mar{\'\i}a Consuelo and Marticorena-S{\'a}nchez, Ra{\'u}l and Martin Anton, Luis J and Gonz{\'a}lez-D{\'\i}ez, Irene and Carbonero Mart{\'\i}n, Miguel {\'A}ngel},
  journal   = {International Journal of Human--Computer Interaction},
  volume    = {40},
  number    = {12},
  pages     = {3263--3281},
  year      = {2024},
  publisher = {Taylor \& Francis}
}

@article{taiebmaimon2024mining,
  title     = {Mining eye-tracking data for text summarization},
  author    = {Taieb-Maimon, Meirav and Romanovski-Chernik, Aleksandr and Last, Mark and Litvak, Marina and Elhadad, Michael},
  journal   = {International Journal of Human--Computer Interaction},
  volume    = {40},
  number    = {17},
  pages     = {4887--4905},
  year      = {2024},
  publisher = {Taylor \& Francis}
}

@article{jacob2003commentary,
  title     = {Commentary on Section 4. Eye tracking in human-computer interaction and usability research: Ready to deliver the promises},
  author    = {Jacob, Robert JK and Karn, Keith S},
  journal   = {The mind's eye},
  volume    = {2},
  number    = {3},
  pages     = {573--605},
  year      = {2003},
  publisher = {North-Holland Amsterdam, The Netherlands}
}

@article{ravelomendez2023kraken,
  title     = {Kraken 2.0: A platform-agnostic and cross-device interaction testing tool},
  author    = {Ravelo-M{\'e}ndez, William and Escobar-Vel{\'a}squez, Camilo and Linares-V{\'a}squez, Mario},
  journal   = {Science of Computer Programming},
  volume    = {225},
  pages     = {102897},
  year      = {2023},
  publisher = {Elsevier}
}

@article{gironbastidas2019nlp,
  title   = {Natural Language Processing Services in Assistive Technology},
  author  = {Gir{\'o}n Bastidas, Juan Pablo and Salcedo Parra, Octavio Jos{\'e} and Espitia R, Miguel J},
  journal = {International Journal of Mechanical Engineering and Technology},
  volume  = {10},
  number  = {7},
  year    = {2019}
}

@article{terzopoulos2020voice,
  title     = {Voice assistants and smart speakers in everyday life and in education},
  author    = {Terzopoulos, George and Satratzemi, Maya},
  journal   = {Informatics in Education},
  volume    = {19},
  number    = {3},
  year      = {2020},
  publisher = {Vilnius University Institute of Data Science and Digital Technologies}
}

@article{huang2024visionpro,
  title   = {Measuring eye-tracking accuracy and its impact on usability in apple vision pro},
  author  = {Huang, Zehao and Zhu, Gancheng and Duan, Xiaoting and Wang, Rong and Li, Yongkai and Zhang, Shuai and Wang, Zhiguo},
  journal = {arXiv preprint arXiv:2406.00255},
  year    = {2024}
}

@article{panwar2024webevolution,
  author  = {Panwar, Vijay},
  journal = {International Journal of Computer Trends and Technology},
  title   = {Web Evolution to Revolution: Navigating the Future of Web Application Development},
  volume  = {72},
  year    = {2024}
}

@article{fernandes2023eyevr,
  author  = {Fernandes, Ajoy S. and Murdison, T Scott and Proulx, Michael J},
  journal = {IEEE TVCG journal},
  title   = {Leveling the Playing Field: A Comparative Reevaluation of Unmodified Eye Tracking as an Input and Interaction Modality for VR},
  volume  = {29},
  year    = {2023}
}


@article{hsieh2024increasing,
  title     = {Increasing participation in computer activities using eye-gaze assistive technology for children with complex needs},
  author    = {Hsieh, Yu-Hsin and Granlund, Mats and Odom, Samuel L and Hwang, Ai-Wen and Hemmingsson, Helena},
  journal   = {Disability and Rehabilitation: Assistive Technology},
  volume    = {19},
  number    = {2},
  pages     = {492--505},
  year      = {2024},
  publisher = {Taylor \& Francis}
}

@online{apple2024accessibility,
  title  = {Apple announces new accessibility features, including Eye Tracking, Music Haptics, and Vocal Shortcuts},
  author = {{Apple Newsroom}},
  year   = {2024},
  month  = may,
  url    = {https://www.apple.com/newsroom/2025/05/apple-unveils-powerful-accessibility-features-coming-later-this-year/}
}

@misc{apple_vision_pro_2025,
  title  = {Apple Vision Pro},
  author = {{Apple Inc.}},
  year   = {2025},
  url    = {https://www.apple.com/apple-vision-pro/}
}

@misc{playstation_vr2_specs,
  title  = {PlayStation VR2 Tech Specs},
  author = {{Sony Interactive Entertainment}},
  year   = {2025},
  url    = {https://www.playstation.com/en-us/ps-vr2/ps-vr2-tech-specs/}
}

@misc{vive_pro2_2025,
  title  = {VIVE Pro 2 Headset},
  author = {{HTC VIVE}},
  year   = {2025},
  url    = {https://www.vive.com/us/product/vive-pro2/overview/}
}

@misc{tobii_glasses_x,
  title  = {Tobii Glasses X: See. Understand. Improve.},
  author = {{Tobii AB}},
  year   = {2025},
  url    = {https://www.tobii.com/products/eye-trackers/wearables/tobii-glasses-x}
}

@misc{honor_magic6pro_specs,
  title  = {HONOR Magic6 Pro},
  author = {{HONOR}},
  year   = {2025},
  url    = {https://www.honor.com/co/phones/honor-magic6-pro/spec/}
}

@inproceedings{gips1996eagleeyes,
  title     = {EagleEyes: An eye control system for persons with disabilities},
  author    = {Gips, James and Olivieri, Peter},
  booktitle = {The 11th international conference on technology and persons with disabilities},
  pages     = {1--15},
  year      = {1996}
}

@misc{serenade2025,
  title  = {Serenade - Run tests with natural speech},
  author = {{Serenade Team}},
  year   = {2025},
  url    = {https://serenade.ai}
}

@inproceedings{mozafari2020chatbot,
  title     = {The Chatbot Disclosure Dilemma: Desirable and Undesirable Effects of Disclosing the Non-Human Identity of Chatbots.},
  author    = {Mozafari, Nika and Weiger, Welf H and Hammerschmidt, Maik},
  booktitle = {ICIS},
  pages     = {1--18},
  year      = {2020}
}

@misc{karlander2023ai,
  title  = {AI-assisted Image Manipulation with Eye Tracking},
  author = {Karlander, Rej and Wang, Julia},
  year   = {2023}
}

@inproceedings{wang2024gazeprompt,
  title     = {GazePrompt: Enhancing Low Vision People's Reading Experience with Gaze-Aware Augmentations},
  author    = {Wang, Ru and Potter, Zach and Ho, Yun and Killough, Daniel and Zeng, Linxiu and Mondal, Sanbrita and Zhao, Yuhang},
  booktitle = {CHI 2024},
  pages     = {1--17},
  year      = {2024}
}


@misc{poster2025td,
  title  = {TD Eye Gaze Pathway for TD Pilot: Instructions \& Resources},
  author = {{Tobii-A.B.}},
  year   = {2025}
}

@inproceedings{zhao2022eyesaycorrect,
  title     = {Eyesaycorrect: Eye gaze and voice based hands-free text correction for mobile devices},
  author    = {Zhao, Maozheng and Huang, Henry and Li, Zhi and Liu, Rui and Cui, Wenzhe and Toshniwal, Kajal and Goel, Ananya and Wang, Andrew and Zhao, Xia and Rashidian, Sina and others},
  booktitle = {IUI 2022},
  pages     = {470--482}
}

@inproceedings{lee2024gazepointar,
  title     = {GazePointAR: A context-aware multimodal voice assistant for pronoun disambiguation in wearable augmented reality},
  author    = {Lee, Jaewook and Wang, Jun and Brown, Elizabeth and Chu, Liam and Rodriguez, Sebastian S and Froehlich, Jon E},
  booktitle = {CHI 2024},
}

@inproceedings{khan2022integrating,
  title     = {Integrating gaze and speech for enabling implicit interactions},
  author    = {Khan, Anam Ahmad and Newn, Joshua and Bailey, James and Velloso, Eduardo},
  booktitle = {CHI 2022}
}

@article{song2024review,
  title   = {A Review of The Application of Natural Language Processing in Human-Computer Interaction},
  author  = {Song, J},
  journal = {Appl. Comput. Eng},
  volume  = {106},
  pages   = {111--117},
  year    = {2024}
}

@article{martinez2024tool,
  title   = {A Tool Suite for Cognitive Accessibility Leveraging Easy-to-Read Resources and Simplification Strategies},
  author  = {Mart{\'\i}nez, Paloma and Moreno, Lourdes and Ochoa, Hiram and Ramos, Alberto and P{\'e}rez-Enr{\'\i}quez, Mario},
  journal = {CEUR-WS. org},
  year    = {2024}
}

@article{avalos2025context,
  title     = {Context-Based Model for Browsing the Web Through Voice},
  author    = {Avalos Montiel, Citlalli Selene and Rodr{\'\i}guez Garc{\'\i}a, Jos{\'e} G and Mendoza, Sonia and Decouchant, Dominique},
  journal   = {Applied Sciences},
  volume    = {15},
  number    = {6},
  pages     = {3400},
  year      = {2025},
  publisher = {MDPI}
}

@article{liu2024chatgpt,
  title     = {ChatGPT: Perspectives from human--computer interaction and psychology},
  author    = {Liu, Jiaxi},
  journal   = {Frontiers in Artificial Intelligence},
  volume    = {7},
  pages     = {1418869},
  year      = {2024},
  publisher = {Frontiers Media SA}
}

@online{apple_siri,
  title  = {Siri},
  author = {{Apple Inc.}},
  year   = {2011--2025},
  url    = {https://www.apple.com/siri/}
}

@online{amazon_alexa,
  title  = {Amazon Alexa},
  author = {{Amazon.com, Inc.}},
  year   = {2025},
  url    = {https://developer.amazon.com/alexa}
}

@online{openai_chatgpt,
  title  = {Introducing ChatGPT},
  author = {{OpenAI}},
  year   = {2022},
  url    = {https://openai.com/index/chatgpt/}
}

@online{google_assistant,
  title  = {Google Assistant},
  author = {{Google LLC}},
  year   = {2025},
  url    = {https://assistant.google.com/}
}

@online{google_gemini,
  title  = {Gemini},
  author = {{Google DeepMind}},
  year   = {2024--2025},
  url    = {https://gemini.google/about/}
}

@inproceedings{vasquez2018continuous,
	title={Continuous, evolutionary and large-scale: A new perspective for automated mobile app testing},
	author={Linares-V{\'a}squez, Mario and Moran, Kevin and Poshyvanyk, Denys},
	booktitle={ICSME 2017},
	organization={IEEE}
}

@inproceedings{moran2016automatically,
  title        = {Automatically discovering, reporting and reproducing android application crashes},
  author       = {Moran, Kevin and Linares-V{\'a}squez, Mario and Bernal-C{\'a}rdenas, Carlos and Vendome, Christopher and Poshyvanyk, Denys},
  booktitle    = {ICST 2016},
  organization = {IEEE}
}

@article{garcia2024selenium,
  author  = {Boni García and Carlos Delgado Kloos and Carlos Alario-Hoyos and Mario Munoz-Organero},
  title   = {Selenium-Jupiter: A JUnit 5 extension for Selenium WebDriver},
  journal = {arXiv preprint arXiv:2402.01480},
  year    = {2024}
}

@article{ravelo2023kraken,
  title     = {Kraken 2.0: A platform-agnostic and cross-device interaction testing tool},
  author    = {Ravelo-M{\'e}ndez, William and Escobar-Vel{\'a}squez, Camilo and Linares-V{\'a}squez, Mario},
  journal   = {Science of Computer Programming},
  volume    = {225},
  pages     = {102897},
  year      = {2023},
  publisher = {Elsevier}
}

@misc{vosk2025,
  author  = {{Alpha Cephei}},
  title   = {Vosk Speech Recognition Models},
  year    = {2025},
  note    = {Used English model (vosk-model-en-us-0.22) and Spanish model (vosk-model-small-es-0.42)},
  url     = {https://alphacephei.com/vosk/models},
  license = {Apache 2.0}
}


@misc{webdriverio,
  title  = {WebdriverIO: Next-gen browser and mobile automation test framework for Node.js},
  author = {{WebdriverIO Contributors}},
  year   = {2025},
  url    = {https://webdriver.io}
}
